

ARTICLES



@techreport{fr-ga-05
 , title			= {Root systems and generalized associahedra}
 , author		= {S. Fomin and N. Reading}
 , type		= {preprint [ar{X}iv:math.{CO}/0505518]}
 , year		= {2005}
 , month		= {May}
 }


@article{bb-cirt-07
 , title			= {Catalan's intervals and realizers of triangulations}
 , author		= {O. Bernardi and N. Bonichon}
 , journal		= {{\rm to appear in} Proceedings of FPSAC 2007 {\rm[ar{X}iv:math.{CO}/0704.3731]}}
 , year		= {2007}
 }


 @article {dgjm-scclahp-07
  , title		= {The simplicial complex {$\Delta_{n,k}$} of $k$-compatible line arrangements in the hyperbolic plane. {P}art 1: The Structure of {$\Delta_{n,k}$}}
 , author		= {A. Dress and S. Gr\"unewald and J. Jonsson and V. Moulton}
 , journal		= {Preprint}
 , year		= {2007}
 }


 @article {dgjm-scclahp-08
  , title		= {The simplicial complex {$\Delta_{n,k}$} of $k$-compatible line arrangements in the hyperbolic plane. {P}art 2.}
 , author		= {A. Dress and S. Gr\"unewald and J. Jonsson and V. Moulton}
 , journal		= {In preparation}
 , year		= {2008}
 }


@techreport{rss-pt-06
 , title			= {Pseudo-triangulations - a survey}
 , author		= {G. Rote and F. Santos and I. Streinu}
 , type		= {preprint [ar{X}iv:math.{CO}/0612672]}
 , URL		= {ar{X}iv:math.{CO}/0612672}
 , year		= {2006}
 , month		= {December}
 }


@techreport{pv-ot-94
 , title			= {Order types and visibility types of configurations of disjoint
convex plane sets}
 , author		= {M. Pocchiola and G. Vegter}
 , institution	= {LIENS, Paris}
 , year		= {1994}
 , month		= {January}
}



 @article{pv-vc-96
 , title			= {The visibility complex}
 , author		= {M. Pocchiola and G. Vegter}
 , journal		= {Internat. J. Comput. Geom. Appl.}
 ,volume		= {6}
 ,number		= {3}
 , year		= {1996}
 , pages		= {279--308}
}
 %, note		= {ACM Symposium on Computational Geometry (San Diego, CA, 1993)}


 @article{dkm-lahp-02
 , title			= {On line arrangements in the hyperbolic plane}
 , author		= {A. W. M. Dress and J. H. Koolen and V. Moulton}
 , journal		= {European J. Combin.}
 ,volume		= {23}
 , year		= {2002}
 , number 		= {5}
 , pages		= {549--557}
}
 
 
@article{n-gdfcp-00
 , title			= {A generalization of diagonal flips in a convex polygon}
 , author		= {T. Nakamigawa}
 , journal		= {Theoret. Comput. Sci.}
 ,volume		= {235}
 , year		= {2000}
 , number		= {2}
 , pages		= {271--282}
}
 % , note		= {Combinatorics and optimization (Okinawa, 1996)}

 
 @article{j-gtdfssp-05
 , title			= {Generalized triangulations and diagonal-free subsets of stack polyominoes}
 , author		= {J. Jonsson}
 , journal		= {J. Combin. Theory Ser. A}
 ,volume		= {112}
 , year		= {2005}
 , number		= {1}
 , pages		= {117--142}
}
 
 
@article{j-gt-03
 , title			= {Generalized triangulations of the $n$-gon}
 , author		= {J. Jonsson}
 , journal		= {{U}npublished manuscript}
 , year		= {2003}
 , note		= {An abstract was included in: ``Topological and Geometric Combinatorics, April 6th - April 12th, 2003'', Mathematisches Forschungsinstitut Oberwolfach, Report No. 16/2003, \verb|http://www.mfo.de/programme/schedule/2003/15/Report16_2003.pdf|}
}
 
 
   @article{bfs-ccsp-90
 , title			= {Constructions and complexity of secondary polytopes}
 , author		= {L. J. Billera and P. Filliman and B. Sturmfels}
 , journal		= {Adv. Math.}
 , volume		= {83}
 , number		= {2}
 , year		= {1990}
 , pages		= {155--179}
 }


   @article{e-btdp-06
 , title			= {A bijection between 2-triangulations and pairs of non-crossing Dyck paths}
 , author		= {S. Elizalde}
 , journal		= {{\rm to appear in} J. Combin. Theory Ser. A {\rm [ar{X}iv:math.{CO}/0610235]}}
 , year		= {2006}
 }

 
@incollection{rss-empppt-03
 , title			= {Expansive motions and the polytope of pointed pseudo-triangulations}
 , author		= {G. Rote and F. Santos and I. Streinu}
 , booktitle		= {Discrete and Computational Geometry, The Goodman-Pollack Festschrift}
 , series		= {Algorithms Combin.}
 , volume		={25}
 , editor		= { B. Aronov and S. Basu and J. Pach and M. Sharir}
 , publisher	={Springer}
 , year		= {2003}
 , pages		= {699--736}
 }
 

  @incollection{i-mcg-02
 , title			= {Mapping class group}
 , author		= {N. V. Ivanov}
 , booktitle		= {Handbook of geometric topology}
 , editor		={R. J. Daverman and R. B. Sher}
 , publisher	={North-Holland}
 , year		= {2002}
 , pages		= {523--633}
 }
 

 @article{l-at-89
 , title			= {The associahedron and triangulations of the {$n$}-gon}
 , author		= {C. W. Lee}
 , journal		= {Europ. J. Combin.}
 , volume		= {10}
 , year		= {1989}
 , number		= {6}
 , pages		= {551--560}
 }


 @article{cp-tttccp-92
 , title			= {A {T}ur\'an-type theorem on chords of a convex polygon}
 , author		= {V. Capoyleas and J. Pach}
 , journal		= {J. Combin. Theory Ser. B}
 , volume		= {56}
 , number		= {1}
 , year		= {1992}
 , pages		= {9--15}
 }


@article{stt-rdthg-88
 , title			= {Rotation distance, triangulations, and hyperbolic geometry}
 , author		= {D. D. Sleator and R. E. Tarjan and W. P. Thurston}
 , journal		= {J. Amer. Math. Soc.}
 , volume		= {1}
 , year		= {1988}
 , number		= {3}
 , pages		= {647--681}
 }


  @incollection{dcv-ecytbh-86
 , title			= {Enumeration of certain {Y}oung tableaux with bounded height}
 , author		= {M. Desainte-Catherine and G. Viennot}
 , booktitle		= {Combinatoire \'enum\'erative (Montreal, Que., 1985/Quebec, Que., 1985)}
 , series		= {Lecture Notes in Math.}
 , volume		= {1234}
 , publisher	= {Springer}
 , year		= {1986}
 , pages		= {58--67}
 }


@article{w-vsif-90
 , title			= {Vertex splitting in isostatic frameworks}
 , author		= {W. Whiteley}
 , journal		= {Structural topology}
 , volume		= {16}
 , year		= {1990}
 , pages		= {23--30}
 }


@article{st-shpga-07
 , title			= {Sparse hypergraphs and pebble game algorithms}
 , author		= {I. Streinu and Louis Theran}
 , journal		= {{\rm to appear in} Europ. J. Combin. {\rm [ar{X}iv:math.{CO}/0703921]}}
 , year		= {2007}
 }


@article{ls-pgasg-07
 , title			= {Pebble game algorithms and sparse graphs}
 , author		= {A. Lee and I. Streinu}
 , journal		= {{\rm to appear in} Discrete Appl. Math. {\rm [ar{X}iv:math.{CO}/0702129]}}
 , year		= {2007}
 }


  @article{l-rsp-04
 , title			= {Realization of the {S}tasheff polytope}
 , author		= {J.-L. Loday}
 , journal		= {Arch. Math. (Basel)}
 , volume		= {83}
 , year		= {2004}
 , number		= {3}
 , pages		= {267--278}
 }


@article{hl-rac-07
 , title			= {Realizations of the Associahedron and Cyclohedron}
 , author		= {C. Hohlweg and C. E. M. C. Lange}
 , journal		= {Discrete Comput. Geom.}
 , volume		= {37}
 , year		= {2007}
 , pages		= {517--543}
 }


 @incollection{s-gbfscc-06
 , title			= {Geometric bistellar flips: the setting, the context and a construction}
 , author		= {F. Santos}
 , booktitle		= {International Congress of Mathematicians. Vol. III}
 , publisher	= {Eur. Math. Soc., Z\"urich}
 , year		= {2006}
 , pages		= {931--962}
 }


@article{dkm-4n-05
 , title			= {{$4n-10$}}
 , author		= {A. W. M. Dress and J. H. Koolen and V. Moulton}
 , journal		= {Ann. Comb.}
 , volume		= {8}
 , year		= {2004}
 , number		= {4}
 , pages		= {463--471}
 }


@article{dkm-2kn-01
 , title			= {{$2kn-\binom{2k+1}{2}$}: A note on extremal Combinatorics of Cyclic Split Systems}
 , author		= {A. W. M. Dress and M. Klucznik and J. H. Koolen and V. Moulton}
 , journal		= {S\'em. Lothar. Combin.}
 , volume		= {47}
 , year		= {2001/02}
 , pages		= {Article B47b, 17 pp. (electronic)}
 }


  @incollection{rgz-om-04
 , title			= {Oriented Matroids}
 , author		= {J. Richter-Gebert and G. M. Ziegler}
 , booktitle		= {Handbook of discrete and computational geometry}
 , series		= {CRC Press Ser. Discrete Math. Appl.}
 , publisher	= {CRC}
 , editor		={J. E. Goodman and J. O'Rourke}
 , year		= {2004}
 , pages		= {111--132}
 } 


@article{at-mneqpg-07
 , title			= {On the maximum number of edges in quasi-planar graphs}
 , author		= {E. Ackerman and G. Tardos}
 , journal		= {J. Amer. Math. Soc.}
 , series		= {A}
 , volume		= {114}
 , year		= {2007}
 , pages		= {563--571}
 }


 
 @article {k-gdidcffs-06
  , title		= {Growth diagrams, and increasing and decreasing chains in fillings of {F}errers shapes}
 , author		= {C. Krattenthaler}
 , journal		= {Adv. in Appl. Math.}
 , volume		= {37}
 , number		= {3}
 , year		= {2006}
 , pages		= {404--431}
 }
		
		

@article{r-idsfmp-07
 , title			= {Increasing and decreasing sequences in fillings of moon polyominoes}
 , author		= {M. Rubey}
 , journal		= {{\rm to appear in} Adv. Appl. Math. {\rm [ar{X}iv:math.{CO}/0604140]}}
 , year		= {2007}
 }


 @article {ht-gbmdpi-92
  , title		= {Gr\"obner bases and multiplicity of determinantal and {P}faffian ideals}
 , author		= {J. Herzog and N.V. Trung}
 , journal		= {Adv. Math.}
 , volume		= {96}
 , year		= {1992}
 , pages		= {1--37}
 }
		
		
		
 BOOKS
 
 
   @book{s-ec1-86
 , title			= {Enumerative combinatorics. {V}ol. 1}
 , author		= {R. P. Stanley}
 , series		= {Cambridge Studies in Advanced Mathematics}
 , volume		= {49}
 , publisher	= {Cambridge University Press}
 , year		= {1997}
 }
  % , note		= {With a foreword by Gian-Carlo Rota, Corrected reprint of the 1986 original}
 
  @book{s-ec2-99
 , title			= {Enumerative combinatorics. {V}ol. 2}
 , author		= {R. P. Stanley}
 , series		= {Cambridge Studies in Advanced Mathematics}
 , volume		= {62}
 , publisher	= {Cambridge University Press}
 , year		= {1999}
 }
 % , note		= {With a foreword by Gian-Carlo Rota and appendix 1 by Sergey Fomin}


  @book{g-cf-01
 , title			= {Counting on frameworks}
 , author		= {J. E. Graver}
 , series		= {The Dolciani Mathematical Expositions}
 , volume		= {25}
 , publisher	= {The Mathematical Association of America}
 , year		= {2001}
 }
 %, note		= {Mathematics to aid the design of rigid structures}


 @book{gss-cr-93
 , title			= {Combinatorial Rigidity}
 , author		= {J. E. Graver and B. Servatius and H. Servatius}
 , series	 	= {Graduate Studies in Mathematics}
 , volume		= {2}
 , publisher	= { American Mathematical Society}
 , year		= {1993}
 }


  @book{c-rp-73
 , title			= {Regular Polytopes}
 , author		= {H. S. M. Coxeter}
 , edition		= {Third}
, publisher	= {Dover Publications Inc.}
 , year		= {1973}
 }
 

  @book{c-ig-73
 , title			= {Introduction to Geometry}
 , author		= {H. S. M. Coxeter}
 , edition		= {Second}
, publisher	= {John Wiley \& Sons Inc.}
 , year		= {1969}
 }
 

  @book{b-blmcg-74
 , title			= {Braids, Links and Mapping Class Groups}
 , author		= {J. S. Birman}
 , note	 	= {Annals of Mathematical Studies, No. 82}
, publisher	= {Princeton University Press}
 , year		= {1974}
 }
 

  @book{blvswz-om-92
 , title			= {Oriented Matroids}
 , author		= {A. Bj{\"o}rner and M. Las Vergnas and B. Strumfelds and N. White and G. M. Ziegler}
 , publisher	= {Cambridge University Press}
 , year		= {1999}
 , series		 = {Encyclopedia of Mathematics and its Applications}
 , volume		 = {46}
 , edition		 = {Second}
 }


  @book{z-lp-95
 , title			= {Lectures on Polytopes}
 , author		= {G. M. Ziegler}
 , series	 	= {Graduate Texts in Mathematics}
 , volume		= {152}
 , publisher	= {Springer-Verlag}
 , year		= {1995}
 }
 
 
  @book{k-ah-92
 , title			= {Axioms and hulls}
 , author		= {D. E. Knuth}
  , series	 	= {Lecture Notes in Computer Science}
 , volume		= {606}
 , publisher	= {Springer-Verlag}
 , year		= {1992}
 }
 
 
