
@article{DressKoolenMoulton,
	Author = {Andreas~W.~M.~Dress and Jacobus~H.~Koolen and Vincent~Moulton},
	Journal = {European J. Combin.},
	Number = {5},
	Pages = {549--557},
	Title = {On line arrangements in the hyperbolic plane},
	Volume = {23},
	Year = {2002}}

@article{Nakamigawa,
	Author = {Tomoki Nakamigawa},
	Journal = {Theoret. Comput. Sci.},
	Number = {2},
	Pages = {271--282},
	Title = {A generalization of diagonal flips in a convex polygon},
	Volume = {235},
	Year = {2000}}

@article{Jonsson1,
	Author = {Jakob Jonsson},
	Journal = {J. Combin. Theory Ser. A},
	Number = {1},
	Pages = {117--142},
	Title = {Generalized triangulations and diagonal-free subsets of stack polyominoes},
	Volume = {112},
	Year = {2005}}

@article{Jonsson2,
	Author = {Jakob Jonsson},
	Journal = {{U}npublished manuscript},
	Note = {An abstract was included in: ``Topological and Geometric Combinatorics, April 6th - April 12th, 2003'', Mathematisches Forschungsinstitut Oberwolfach, Report No. 16/2003, \verb|http://www.mfo.de/programme/schedule/2003/15/Report16_2003.pdf|},
	Title = {Generalized triangulations of the $n$-gon},
	Year = {2003}}

@article{Elizalde,
	Author = {Sergi Elizalde},
	Journal = {{\rm to appear in} J. Combin. Theory Ser. A {\rm [ar{X}iv:math.{CO}/0610235]}},
	Title = {A bijection between 2-triangulations and pairs of non-crossing Dyck paths},
	Year = {2006}}

@article{CapoyleasPach,
	Author = {Vasilis Capoyleas and J{\'a}nos Pach},
	Journal = {J. Combin. Theory Ser. B},
	Number = {1},
	Pages = {9--15},
	Title = {A {T}ur\'an-type theorem on chords of a convex polygon},
	Volume = {56},
	Year = {1992}}

@article {SerranoStump,
	AUTHOR = {Luis~Serrano and Christian~Stump},
	TITLE = {Maximal fillings of moon polyominoes, simplicial complexes, and {S}chubert polynomials},
	JOURNAL = {Electron. J. Combin.},
	FJOURNAL = {Electronic Journal Combinatorics},
	VOLUME = {19},
	YEAR = {2012},
}

@article {PilaudSantos-multitriangulations,
	AUTHOR = {Pilaud, Vincent and Santos, Francisco},
	TITLE = {Multitriangulations as complexes of star polygons},
	JOURNAL = {Discrete Comput. Geom.},
	FJOURNAL = {Discrete \& Computational Geometry. An International Journal of Mathematics and Computer Science},
	VOLUME = {41},
	YEAR = {2009},
	NUMBER = {2},
	PAGES = {284--317},
}

@article {PilaudRue,
	AUTHOR = {Pilaud, Vincent and Ru\'e, Juanjo},
	TITLE = {Analytic combinatorics of chord and hyperchord diagrams with {$k$} crossings},
	JOURNAL = {Adv. in Appl. Math.},
	FJOURNAL = {Advances in Applied Mathematics},
	VOLUME = {57},
	YEAR = {2014},
	PAGES = {60--100},
}
